<?xml version="1.0" encoding="UTF-8"?><collection xmlns="http://www.loc.gov/MARC21/slim"><record><leader>00533nam--2200181-i-4500</leader><controlfield tag="001">000014206</controlfield><controlfield tag="002">20161230</controlfield><controlfield tag="005">20161230201030</controlfield><controlfield tag="008">060222s1000------------r-----000-0-eng-d</controlfield><datafield ind1=" " ind2=" " tag="020"><subfield code="a">0442301707</subfield></datafield><datafield ind1=" " ind2=" " tag="040"><subfield code="a">IFIN-HH</subfield></datafield><datafield ind1=" " ind2=" " tag="080"><subfield code="a">539.163:616-073.75</subfield></datafield><datafield ind1="1" ind2=" " tag="100"><subfield code="a">Chackett, K.F</subfield></datafield><datafield ind1="1" ind2="0" tag="245"><subfield code="a">Radionuclide technology</subfield><subfield code="b">An introduction to qua ntitative nuclear medicine</subfield><subfield code="c">K.f. chackett</subfield></datafield><datafield ind1=" " ind2=" " tag="260"><subfield code="a">New York</subfield><subfield code="b">Van Nostrand Reinhold Company</subfield><subfield code="c">1981</subfield></datafield><datafield ind1=" " ind2=" " tag="300"><subfield code="a">XIV + 426 P</subfield></datafield><datafield ind1=" " ind2=" " tag="852"><subfield code="a">70261</subfield><subfield code="c">539.143.43</subfield></datafield><datafield ind1=" " ind2=" " tag="CAT"><subfield code="a">Sys</subfield><subfield code="c">20120510</subfield><subfield code="h">200200</subfield></datafield></record></collection>